<record><leader>00000cas a2200000 i 4500</leader><controlfield tag="001">960210036</controlfield><controlfield tag="008">161010d20162017gaudn n       0    0eng c</controlfield><datafield ind1=" " ind2=" " tag="010"><subfield code="a">  2016233534</subfield></datafield><datafield ind1=" " ind2=" " tag="040"><subfield code="a">GUA</subfield><subfield code="b">eng</subfield><subfield code="e">rda</subfield><subfield code="c">GUA</subfield><subfield code="d">OCLCF</subfield><subfield code="d">OCLCQ</subfield><subfield code="d">GUA</subfield></datafield><datafield ind1=" " ind2=" " tag="042"><subfield code="a">pcc</subfield></datafield><datafield ind1=" " ind2=" " tag="043"><subfield code="a">n-us-ga</subfield></datafield><datafield ind1="0" ind2=" " tag="130"><subfield code="a">News (Brunswick, Ga.)</subfield></datafield><datafield ind1="1" ind2="4" tag="245"><subfield code="a">The news.</subfield></datafield><datafield ind1=" " ind2="1" tag="264"><subfield code="a">[Brunswick, Georgia?] :</subfield><subfield code="b">Brunswick News Publishing Company,</subfield><subfield code="c">[2016-2017]</subfield></datafield><datafield ind1=" " ind2=" " tag="300"><subfield code="a">volumes :</subfield><subfield code="b">illustrations ;</subfield><subfield code="c">58 cm</subfield></datafield><datafield ind1=" " ind2=" " tag="310"><subfield code="a">Daily (except Monday)</subfield></datafield><datafield ind1=" " ind2=" " tag="336"><subfield code="a">text</subfield><subfield code="b">txt</subfield><subfield code="2">rdacontent</subfield></datafield><datafield ind1=" " ind2=" " tag="337"><subfield code="a">unmediated</subfield><subfield code="b">n</subfield><subfield code="2">rdamedia</subfield></datafield><datafield ind1=" " ind2=" " tag="338"><subfield code="a">volume</subfield><subfield code="b">nc</subfield><subfield code="2">rdacarrier</subfield></datafield><datafield ind1="1" ind2=" " tag="362"><subfield code="a">Began with: Volume 114, number 301 (September 1, 2016); ceased with: Volume 115, number 143 (February 28, 2017).</subfield></datafield><datafield ind1=" " ind2=" " tag="588"><subfield code="a">Description based on: Volume 114, number 301 (September 1, 2016); title from masthead.</subfield></datafield><datafield ind1=" " ind2=" " tag="588"><subfield code="a">Latest issue consulted: Volume 115, number 143 (February 28, 2017).</subfield></datafield><datafield ind1=" " ind2="0" tag="651"><subfield code="a">Golden Isles (Ga.)</subfield><subfield code="v">Newspapers.</subfield></datafield><datafield ind1=" " ind2="7" tag="651"><subfield code="a">Georgia</subfield><subfield code="z">Golden Isles.</subfield><subfield code="2">fast</subfield><subfield code="0">(OCoLC)fst01240335</subfield></datafield><datafield ind1=" " ind2="7" tag="655"><subfield code="a">Newspapers.</subfield><subfield code="2">fast</subfield><subfield code="0">(OCoLC)fst01423814</subfield></datafield><datafield ind1=" " ind2=" " tag="752"><subfield code="a">United States</subfield><subfield code="b">Georgia</subfield><subfield code="c">Glynn</subfield><subfield code="d">Brunswick.</subfield></datafield><datafield ind1="0" ind2="0" tag="780"><subfield code="t">Brunswick news (Brunswick, Ga. : 1906)</subfield><subfield code="x">1090-3895</subfield><subfield code="w">(DLC)sn 90052143</subfield><subfield code="w">(OCoLC)21707708</subfield></datafield><datafield ind1="0" ind2="0" tag="785"><subfield code="t">Brunswick news (Brunswick, Ga. : 2017)</subfield><subfield code="w">(DLC)  2017233529</subfield><subfield code="w">(OCoLC)960210036</subfield></datafield></record>